@article{tran2017cancer,
  title={Cancer nanomedicine: a review of recent success in drug delivery},
  author={Tran, Stephanie and DeGiovanni, Peter Joseph and Piel, Brandon and Rai, Prakash},
  journal={Clinical Transl. Med.},
  volume={6},
  number={1},
  pages={1--21},
  year={2017},
  publisher={Springer}
}

@article{wilhelm2016analysis,
  title={Analysis of nanoparticle delivery to tumours},
  author={Wilhelm, Stefan and Tavares, Anthony J and Dai, Qin and Ohta, Seiichi and Audet, Julie and Dvorak, Harold F and Chan, Warren CW},
  journal={Nature Rev. Mater.},
  volume={1},
  number={5},
  pages={1--12},
  year={2016},
  publisher={Nature Publishing Group}
}

@article{shi2019microrobots,
  title={Microrobots based \emph{in vivo} evolutionary computation in two-dimensional microchannel network},
  author={Shi, Shaolong and Xiong, Junfeng and Zhou, Yu and Jiang, Teng and Zhu, Guangzhi and Yao, Xin and Cheang, U Kei and Chen, Yifan},
  journal={IEEE Trans. Nanotechnol.},
  volume={19},
  pages={71--75},
  year={2019},
  publisher={IEEE}
}

@article{shi2019perspective,
  title={Perspective: computational Nanobiosensing},
  author={Shi, Shaolong and Sharifi, Neda and Cheang, U Kei and Chen, Yifan},
  journal={IEEE Trans. Nanobiosci.},
  volume={19},
  number={2},
  pages={267--269},
  year={2019},
  publisher={IEEE}
}

@article{salve2019design,
  title={Design and sensitivity analysis of micro-cantilever based biosensor for tumor detection},
  author={Salve, Mary and Dhone, Mayuri and Rewatkar, Prakash and Balpande, Suresh and Kalambe, Jayu},
  journal={Sensor Lett.},
  volume={17},
  number={1},
  pages={64--68},
  year={2019},
  publisher={American Scientific Publishers}
}

@article{magariyama2002mathematical,
  title={A mathematical explanation of an increase in bacterial swimming speed with viscosity in linear-polymer solutions},
  author={Magariyama, Yukio and Kudo, Seishi},
  journal={Biophysical J.},
  volume={83},
  number={2},
  pages={733--739},
  year={2002},
  publisher={Elsevier}
}

@inproceedings{belharet2014study,
  title={Study on rotational and unclogging motions of magnetic chain-like microrobot},
  author={Belharet, Karim and Folio, David and Ferreira, Antoine},
  booktitle={2014 IEEE/RSJ International Conf. Intell. Robots Syst.},
  pages={834--839},
  year={2014},
  organization={IEEE}
}

@inproceedings{li2004iterative,
  title={Iterative linear quadratic regulator design for nonlinear biological movement systems},
  author={Li, Weiwei and Todorov, Emanuel},
  booktitle={International Conf. Inform. Control Autom. Robot. },
  pages={222--229},
  year={2004},
  organization={Citeseer}
}